<?xml version="1.0" encoding="UTF-8"?><collection xmlns="http://www.loc.gov/MARC21/slim"><record><leader>00518nam--2200181-i-4500</leader><controlfield tag="001">000016508</controlfield><controlfield tag="002">20161230</controlfield><controlfield tag="005">20161230201031</controlfield><controlfield tag="008">060222s1000------------r-----000-0-eng-d</controlfield><datafield ind1=" " ind2=" " tag="040"><subfield code="a">IFIN-HH</subfield></datafield><datafield ind1=" " ind2=" " tag="080"><subfield code="a">621.327.43:535.371</subfield></datafield><datafield ind1="1" ind2=" " tag="100"><subfield code="a">Forsythe, William E</subfield></datafield><datafield ind1="1" ind2="0" tag="245"><subfield code="a">Fluorescent and other gaseous discharge lamps</subfield><subfield code="c">William e. forsythe; elliot q. adams</subfield></datafield><datafield ind1=" " ind2=" " tag="260"><subfield code="a">New York</subfield><subfield code="b">Murray Hill Books, Inc</subfield><subfield code="c">1948</subfield></datafield><datafield ind1=" " ind2=" " tag="300"><subfield code="a">292P</subfield></datafield><datafield ind1="1" ind2=" " tag="700"><subfield code="a">Adams, Elliot Q</subfield></datafield><datafield ind1=" " ind2=" " tag="852"><subfield code="a">620</subfield><subfield code="c">535.37</subfield></datafield><datafield ind1=" " ind2=" " tag="CAT"><subfield code="a">Sys</subfield><subfield code="c">20110413</subfield><subfield code="h">120625</subfield></datafield></record></collection>